@inproceedings{
	qu2023data,
	title={Data Continuity Matters: Improving Sequence Modeling with Lipschitz Regularizer},
	author={Eric Qu and Xufang Luo and Dongsheng Li},
	booktitle={International Conference on Learning Representations},
	year={2023},
	url={https://openreview.net/forum?id=27uBgHuoSQ}
}